@article{garrido2016uncertainties,
  title={Uncertainties in the thermal fatigue assessment of pipes under turbulent fluid mixing using an improved spectral loading approach},
  author={Costa Garrido, Oriol and El Shawish, Samir and Cizelj, Leon},
  journal={International Journal of Fatigue},
  volume={82},
  pages={550--560},
  year={2016},
  publisher={Elsevier},
  doi="10.1016/j.ijfatigue.2015.09.010"
}

@article{poliakov1974wall,
  title={Wall effect on temperature fluctuations in the viscous sublayer},
  author={Poliakov, A. F.},
  journal={High Temperature Science},
  volume={12},
  pages={328--337},
  year={1974}
}

@article{geshev1978influence,
  title={Influence of heat conduction of the wall on the turbulent prandtl number in the viscous sublayer},
  author={Geshev, P. I.},
  journal={Journal of engineering physics},
  volume={35},
  pages={949--952},
  year={1978},
  publisher={Springer},
  doi="10.1007/BF00860218"
}

@article{flageul2015dns,
  title={{DNS} of turbulent channel flow with conjugate heat transfer: {E}ffect of thermal boundary conditions on the second moments and budgets},
  author={Flageul, C{\'e}dric and Benhamadouche, Sofiane and Lamballais, {\'E}ric and Laurence, Dominique},
  journal={International Journal of Heat and Fluid Flow},
  volume={55},
  pages={34--44},
  year={2015},
  publisher={Elsevier},
  doi="10.1016/j.ijheatfluidflow.2015.07.009"
}

@article{kasagi1989numerical,
  title={Numerical investigation of near-wall turbulent heat transfer taking into account the unsteady heat conduction in the solid wall},
  author={Kasagi, N. and Kuroda, A. and Hirata, M.},
  journal={Journal of Heat Transfer},
  volume={111},
  pages={385--392},
  year={1989},
  publisher={American Society of Mechanical Engineers},
  doi="10.1115/1.3250689"
}

@article{tiselj2001dns,
  title={{DNS} of turbulent heat transfer in channel flow with heat conduction in the solid wall},
  author={Tiselj, Iztok and Bergant, Robert and Mavko, Borut and Bajsi{\'{c}}, Ivan and Hetsroni, Gad},
  journal={Journal of heat transfer},
  volume={123},
  number={5},
  pages={849--857},
  year={2001},
  publisher={American Society of Mechanical Engineers},
  doi="10.1115/1.1389060"
}

@article{dehoux2012algebraic,
  title={Algebraic modeling of the turbulent heat fluxes using the elliptic blending approachâ€”application to forced and mixed convection regimes},
  author={Dehoux, Frederic and Lecocq, Yannick and Benhamadouche, Sofiane and Manceau, Remi and Brizzi, Laurent-Emmanuel},
  journal={Flow, turbulence and combustion},
  volume={88},
  pages={77--100},
  year={2012},
  publisher={Springer},
  doi="10.1007/s10494-011-9366-8 "
}

@article{dehoux2017elliptic,
  title={An elliptic blending differential flux model for natural, mixed and forced convection},
  author={Dehoux, Frederic and Benhamadouche, Sofiane and Manceau, Remi},
  journal={International Journal of Heat and Fluid Flow},
  volume={63},
  pages={190--204},
  year={2017},
  publisher={Elsevier},
  doi="10.1016/j.ijheatfluidflow.2016.09.003"
}

@article{craft2010towards,
  title={Towards the development of {RANS} models for conjugate heat transfer},
  author={Craft, T. J. and Iacovides, Hector and Uapipatanakul, Sakchai},
  journal={Journal of Turbulence},
  volume={11},
  year={2010},
  publisher={Taylor \& Francis},
  doi="10.1080/14685248.2010.494608"
}

@article{mangeon2018thmt,
  title={Unifying the near-wall treatment of the turbulent heat fluxes for all kinds of temperature boundary conditions with the Elliptic Blending approach},
  author={Mangeon, Gaetan and Benhamadouche, Sofiane and Wald, J. F. and Manceau, Remi},
  journal={Proceedings of the $9^{th}$ international symposium on Turbulence, Heat and Mass Transfer held in Rio de Janeiro on July 2018},
  year={2018},
  note={submitted, to appear}
}

@article{flageul2017discontinuity,
  title={On the discontinuity of the dissipation rate associated with the temperature variance at the fluid-solid interface for cases with conjugate heat transfer},
  author={Flageul, C{\'e}dric and Benhamadouche, Sofiane and Lamballais, {\'E}ric and Laurence, Dominique},
  journal={International Journal of Heat and Mass Transfer},
  volume={111},
  pages={321--328},
  year={2017},
  publisher={Elsevier},
  doi="10.1016/j.ijheatmasstransfer.2017.04.005"
}

@article{nicoud1999subgrid,
  title={Subgrid-scale stress modelling based on the square of the velocity gradient tensor},
  author={Nicoud, Franck and Ducros, Fr{\'e}d{\'e}ric},
  journal={Flow, turbulence and Combustion},
  volume={62},
  number={3},
  pages={183--200},
  year={1999},
  publisher={Springer},
  doi="10.1023/A:1009995426001"
}

@article{grotzbach2011revisiting,
  title={Revisiting the resolution requirements for turbulence simulations in nuclear heat transfer},
  author={Gr{\"o}tzbach, G},
  journal={Nuclear Engineering and Design},
  volume={241},
  number={11},
  pages={4379--4390},
  year={2011},
  publisher={Elsevier},
  doi="10.1016/j.nucengdes.2010.12.027"
}

@article{flageul2017impact,
  title={Impact of unresolved smaller scales on the scalar dissipation rate in direct numerical simulations of wall bounded flows},
  author={Flageul, C{\'e}dric and Tiselj, Iztok},
  journal={International Journal of Heat and Fluid Flow},
  volume={68},
  pages={173--179},
  year={2017},
  publisher={Elsevier},
  doi="10.1016/j.ijheatfluidflow.2017.10.009"
}

@article{kasagi1992direct,
  title={Direct numerical simulation of passive scalar field in a turbulent channel flow},
  author={Kasagi, N and Tomita, Y and Kuroda, A},
  journal={Journal of heat transfer},
  volume={114},
  number={3},
  pages={598--606},
  year={1992},
  publisher={American Society of Mechanical Engineers},
  doi="10.1115/1.2911323"
}

@article{tiselj2012dns,
  title={{DNS} of turbulent channel flow with conjugate heat transfer at Prandtl number 0.01},
  author={Tiselj, Iztok and Cizelj, Leon},
  journal={Nuclear Engineering and Design},
  volume={253},
  pages={153--160},
  year={2012},
  publisher={Elsevier},
  doi="10.1016/j.nucengdes.2012.08.008"
}

@article{archambeau2004code,
  title={Code\_Saturne: {A} finite volume code for the computation of turbulent incompressible flows-Industrial applications},
  author={Archambeau, Fr{\'e}d{\'e}ric and M{\'e}chitoua, Namane and Sakiz, Marc},
  journal={International Journal on Finite Volumes},
  volume={1},
  number={1},
  year={2004}
}

@manual{saturne2017,
  title={Code\_Saturne 5.0.0 Theory Guide},
  organization={Fluid Dynamics, Power Generation and Environment Department, Single Phase Thermal-Hydraulics Group, EDF Lab Chatou, France},
  year={2017}
}

@article{shams2018synthesis,
  title={Synthesis of a {CFD} benchmarking exercise for a {T}-junction with wall},
  author={Shams, Afaque and Edh, Nicolas and Angele, Kristian and Veber, Pascal and Howard, Richard and Braillard, Olivier and Chapuliot, Stephane and Severac, Eric and Karabaki, Ertugrul and Seichter, Johannes and others},
  journal={Nuclear Engineering and Design},
  volume={330},
  pages={199--216},
  year={2018},
  publisher={Elsevier},
  doi="10.1016/j.nucengdes.2018.01.049"
}

@book{pope_turbulent,
  title={Turbulent Flows},
  author={Pope, Stephen B.},
  publisher={Cambridge University Press},
  year={2001}}

@book{hinze_turbulence,
  title={Turbulence},
  author={Hinze, Juergen O.},
  publisher={McGraw-Hill College},
  year={1975}}

@book{leschziner_turbulence,
  title={Statistical Turbulence Modelling for Fluid Dynamics -- Demystified},
  author={Leschziner, Michael},
  publisher={Imperial College Press},
  year={2015}}

@article{benhamadouche2017ned,
  title={On the use of {(U)RANS} and {LES} approaches for turbulent incompressible single phase flows in nuclear engineering applications},
  author={Benhamadouche, Sofiane},
  journal={Nuclear Engineering and Design},
  volume={312},
  pages={2--11},
  year={2017},
  publisher={Elsevier},
  doi="10.1016/j.nucengdes.2016.11.002"
}

@incollection{hassan2017overview,
  title={An overview of computational fluid dynamics and nuclear applications},
  author={Hassan, Y},
  booktitle={Thermal-Hydraulics of Water Cooled Nuclear Reactors},
  pages={729--829},
  year={2017},
  publisher={Elsevier},
  doi="10.1016/B978-0-08-100662-7.00012-9"
}

@article{kawamura1998dns,
  title={{DNS} of turbulent heat transfer in channel flow with low to medium-high Prandtl number fluid},
  author={Kawamura, Hiroshi and Ohsaka, Kouichi and Abe, Hiroyuki and Yamamoto, Kiyoshi},
  journal={International Journal of Heat and Fluid Flow},
  volume={19},
  number={5},
  pages={482--491},
  year={1998},
  publisher={Elsevier},
  doi="10.1016/S0142-727X(98)10026-7"
}

@article{kozuka2009dns,
  title={{DNS} of turbulent heat transfer in a channel flow with a high spatial resolution},
  author={Kozuka, Makoto and Seki, Yohji and Kawamura, Hiroshi},
  journal={International Journal of Heat and Fluid Flow},
  volume={30},
  number={3},
  pages={514--524},
  year={2009},
  publisher={Elsevier},
  doi="10.1016/j.ijheatfluidflow.2009.02.023"
}

@article{abe2017relationship,
  title={Relationship between the heat transfer law and the scalar dissipation function in a turbulent channel flow},
  author={Abe, Hiroyuki and Antonia, Robert Anthony},
  journal={Journal of Fluid Mechanics},
  volume={830},
  pages={300--325},
  year={2017},
  publisher={Cambridge University Press},
  doi="10.1017/jfm.2017.564"
}

@article{abe2004surface,
  title={Surface heat-flux fluctuations in a turbulent channel flow up to {$Re_\tau$} = $1020$ with {$Pr$} = $0.025$ and $0.71$},
  author={Abe, Hiroyuki and Kawamura, Hiroshi and Matsuo, Yuichi},
  journal={International Journal of Heat and Fluid Flow},
  volume={25},
  number={3},
  pages={404--419},
  year={2004},
  publisher={Elsevier},
  doi="10.1016/j.ijheatfluidflow.2004.02.010"
}

